<record><leader>00000cas a22000007a 4500</leader><controlfield tag="001">36281390</controlfield><controlfield tag="008">970128d18921894okuwr n       0    0eng d</controlfield><datafield ind1=" " ind2=" " tag="010"><subfield code="a">sn 97064730 </subfield></datafield><datafield ind1=" " ind2=" " tag="040"><subfield code="a">OBN</subfield><subfield code="b">eng</subfield><subfield code="c">OBN</subfield><subfield code="d">OCLCQ</subfield><subfield code="d">OCLCO</subfield></datafield><datafield ind1="1" ind2=" " tag="029"><subfield code="a">AU@</subfield><subfield code="b">000013092770</subfield></datafield><datafield ind1=" " ind2=" " tag="042"><subfield code="a">msc</subfield></datafield><datafield ind1=" " ind2=" " tag="043"><subfield code="a">n-us-ok</subfield></datafield><datafield ind1="0" ind2=" " tag="130"><subfield code="a">Oklahoma herald (El Reno, Okla.)</subfield></datafield><datafield ind1="1" ind2="4" tag="245"><subfield code="a">The Oklahoma herald.</subfield></datafield><datafield ind1=" " ind2=" " tag="260"><subfield code="a">El Reno, Oklahoma Ty. [Okla.] :</subfield><subfield code="b">Hamlin W. Sawyer</subfield></datafield><datafield ind1=" " ind2=" " tag="300"><subfield code="a">v.</subfield></datafield><datafield ind1=" " ind2=" " tag="310"><subfield code="a">Weekly</subfield></datafield><datafield ind1="0" ind2=" " tag="362"><subfield code="a">Vol. 4, no. 3 (July 1, 1892)-</subfield></datafield><datafield ind1="1" ind2=" " tag="362"><subfield code="a">Ceased in 1894.</subfield></datafield><datafield ind1=" " ind2="0" tag="651"><subfield code="a">El Reno (Okla.)</subfield><subfield code="v">Newspapers.</subfield></datafield><datafield ind1=" " ind2="0" tag="651"><subfield code="a">Canadian County (Okla.)</subfield><subfield code="v">Newspapers.</subfield></datafield><datafield ind1=" " ind2="0" tag="651"><subfield code="a">Oklahoma Territory (Okla.)</subfield><subfield code="v">Newspapers.</subfield></datafield><datafield ind1=" " ind2=" " tag="752"><subfield code="a">United States</subfield><subfield code="b">Oklahoma</subfield><subfield code="c">Canadian</subfield><subfield code="d">El Reno.</subfield></datafield><datafield ind1="0" ind2=" " tag="775"><subfield code="t">Reno daily herald</subfield><subfield code="w">(DLC)sn 97064731</subfield><subfield code="w">(OCoLC)36281424</subfield></datafield><datafield ind1="0" ind2="0" tag="780"><subfield code="t">Reno herald (El Reno, Okla. : 1891)</subfield><subfield code="w">(DLC)sn 86063939</subfield><subfield code="w">(OCoLC)13723502</subfield></datafield><datafield ind1="0" ind2="0" tag="785"><subfield code="t">Reno herald (El Reno, Okla. : 1894)</subfield><subfield code="w">(DLC)</subfield></datafield></record>